<?xml version="1.0" encoding="UTF-8"?>
<record>
  <leader>00000nas a2200000 c 4500</leader>
  <controlfield tag="001">99370682219806441</controlfield>
  <controlfield tag="005">20200929163342.0</controlfield>
  <controlfield tag="007">cr||||||||||||</controlfield>
  <controlfield tag="008">131210c20069999gw q||p|o ||| 0||||1ger c</controlfield>
  <datafield tag="016" ind1="7" ind2=" ">
    <subfield code="2">DE-101</subfield>
    <subfield code="a">1045213144</subfield>
  </datafield>
  <datafield tag="016" ind1="7" ind2=" ">
    <subfield code="2">DE-600</subfield>
    <subfield code="a">2745694-8</subfield>
  </datafield>
  <datafield tag="024" ind1="7" ind2=" ">
    <subfield code="2">urn</subfield>
    <subfield code="a">urn:nbn:de:bsz:14-qucosa2-386112</subfield>
  </datafield>
  <datafield tag="035" ind1=" " ind2=" ">
    <subfield code="a">(CKB)5280000000199164</subfield>
  </datafield>
  <datafield tag="035" ind1=" " ind2=" ">
    <subfield code="a">(DE-599)ZDB2745694-8</subfield>
  </datafield>
  <datafield tag="035" ind1=" " ind2=" ">
    <subfield code="a">(OCoLC)864921933</subfield>
    <subfield code="0">(uri) http://www.worldcat.org/oclc/864921933</subfield>
  </datafield>
  <datafield tag="035" ind1=" " ind2=" ">
    <subfield code="a">(DE-101)1045213144</subfield>
  </datafield>
  <datafield tag="035" ind1=" " ind2=" ">
    <subfield code="a">(EXLCZ)995280000000199164</subfield>
  </datafield>
  <datafield tag="040" ind1=" " ind2=" ">
    <subfield code="a">0355</subfield>
    <subfield code="b">ger</subfield>
    <subfield code="c">DE-101</subfield>
    <subfield code="d">9001</subfield>
  </datafield>
  <datafield tag="041" ind1=" " ind2=" ">
    <subfield code="a">ger</subfield>
  </datafield>
  <datafield tag="044" ind1=" " ind2=" ">
    <subfield code="c">XA-DE</subfield>
  </datafield>
  <datafield tag="082" ind1="7" ind2="4">
    <subfield code="a">230</subfield>
    <subfield code="q">DE-600</subfield>
    <subfield code="2">23sdnb</subfield>
  </datafield>
  <datafield tag="090" ind1=" " ind2=" ">
    <subfield code="n">la</subfield>
  </datafield>
  <datafield tag="245" ind1="0" ind2="0">
    <subfield code="a">Kirche weltweit</subfield>
    <subfield code="b">Mitteilungsblatt des Leipziger Missionswerkes der Evangelisch-Lutherischen Landeskirche Sachsens und der Evangelischen Kirche in Mitteldeutschland</subfield>
    <subfield code="c">Herausgeber: Evangelisch-Lutherisches Missionswerk Leipzig e.V. (LMW)</subfield>
  </datafield>
  <datafield tag="246" ind1=" " ind2=" ">
    <subfield code="a">Kirche weltweit </subfield>
  </datafield>
  <datafield tag="246" ind1="1" ind2=" ">
    <subfield code="i">Titelzusatz früher</subfield>
    <subfield code="a">Mitteilungsblatt des Leipziger Missionswerkes der Evangelisch-Lutherischen Landeskirchen Mecklenburgs, Sachsens, Thüringens</subfield>
  </datafield>
  <datafield tag="264" ind1="3" ind2="1">
    <subfield code="a">Leipzig</subfield>
    <subfield code="b">Evangelisch-Lutherisches Missionswerk Leipzig e.V. (LMW)</subfield>
    <subfield code="a">[Dresden]</subfield>
    <subfield code="b">SLUB</subfield>
    <subfield code="c">[2006]-</subfield>
  </datafield>
  <datafield tag="300" ind1=" " ind2=" ">
    <subfield code="a">Online-Ressource</subfield>
  </datafield>
  <datafield tag="336" ind1=" " ind2=" ">
    <subfield code="a">Text</subfield>
    <subfield code="b">txt</subfield>
    <subfield code="2">rdacontent</subfield>
  </datafield>
  <datafield tag="337" ind1=" " ind2=" ">
    <subfield code="a">Computermedien</subfield>
    <subfield code="b">c</subfield>
    <subfield code="2">rdamedia</subfield>
  </datafield>
  <datafield tag="338" ind1=" " ind2=" ">
    <subfield code="a">Online-Ressource</subfield>
    <subfield code="b">cr</subfield>
    <subfield code="2">rdacarrier</subfield>
  </datafield>
  <datafield tag="362" ind1="0" ind2=" ">
    <subfield code="a">Nachgewiesen 2006 -</subfield>
  </datafield>
  <datafield tag="363" ind1="0" ind2="1">
    <subfield code="8">1.1\x</subfield>
    <subfield code="i">2006</subfield>
  </datafield>
  <datafield tag="500" ind1=" " ind2=" ">
    <subfield code="a">Gesehen am 29.09.2020</subfield>
  </datafield>
  <datafield tag="515" ind1=" " ind2=" ">
    <subfield code="a">Ersch. vierteljährl.</subfield>
  </datafield>
  <datafield tag="583" ind1="1" ind2=" ">
    <subfield code="a">Archivierung/Langzeitarchivierung gewährleistet</subfield>
    <subfield code="5">DE-14</subfield>
    <subfield code="2">pdager</subfield>
  </datafield>
  <datafield tag="610" ind1="2" ind2="7">
    <subfield code="0">(DE-588)2010043-7</subfield>
    <subfield code="0">https://d-nb.info/gnd/2010043-7</subfield>
    <subfield code="0">(DE-101)004696093</subfield>
    <subfield code="a">Evangelisch-Lutherische Landeskirche Sachsens</subfield>
    <subfield code="2">gnd</subfield>
    <subfield code="0">(uri) https://portal.dnb.de/opac.htm?method=simpleSearch&amp;cqlMode=true&amp;query=idn=004696093</subfield>
    <subfield code="0">(uri) http://viaf.org/viaf/sourceID/DNB|004696093</subfield>
    <subfield code="B">GND-004696093</subfield>
  </datafield>
  <datafield tag="650" ind1=" " ind2="7">
    <subfield code="0">(DE-588)4170147-1</subfield>
    <subfield code="0">https://d-nb.info/gnd/4170147-1</subfield>
    <subfield code="0">(DE-101)04170147X</subfield>
    <subfield code="a">Missionsgesellschaft</subfield>
    <subfield code="2">gnd</subfield>
    <subfield code="0">(uri) https://portal.dnb.de/opac.htm?method=simpleSearch&amp;cqlMode=true&amp;query=idn=04170147X</subfield>
    <subfield code="0">(uri) http://viaf.org/viaf/sourceID/DNB|04170147X</subfield>
  </datafield>
  <datafield tag="650" ind1=" " ind2="7">
    <subfield code="0">(DE-588)4170147-1</subfield>
    <subfield code="0">https://d-nb.info/gnd/4170147-1</subfield>
    <subfield code="0">(DE-101)04170147X</subfield>
    <subfield code="a">Missionsgesellschaft</subfield>
    <subfield code="2">gnd</subfield>
    <subfield code="0">(uri) https://portal.dnb.de/opac.htm?method=simpleSearch&amp;cqlMode=true&amp;query=idn=04170147X</subfield>
    <subfield code="0">(uri) http://viaf.org/viaf/sourceID/DNB|04170147X</subfield>
  </datafield>
  <datafield tag="655" ind1=" " ind2="7">
    <subfield code="0">(DE-588)4067488-5</subfield>
    <subfield code="0">https://d-nb.info/gnd/4067488-5</subfield>
    <subfield code="0">(DE-101)040674886</subfield>
    <subfield code="a">Zeitschrift</subfield>
    <subfield code="2">gnd-content</subfield>
  </datafield>
  <datafield tag="655" ind1=" " ind2="7">
    <subfield code="a">Zeitschrift</subfield>
    <subfield code="2">gnd</subfield>
  </datafield>
  <datafield tag="655" ind1=" " ind2="7">
    <subfield code="a">Zeitschrift</subfield>
    <subfield code="2">gnd</subfield>
  </datafield>
  <datafield tag="689" ind1="0" ind2="0">
    <subfield code="0">(DE-588)4170147-1</subfield>
    <subfield code="0">https://d-nb.info/gnd/4170147-1</subfield>
    <subfield code="0">(DE-101)04170147X</subfield>
    <subfield code="D">s</subfield>
    <subfield code="a">Missionsgesellschaft</subfield>
    <subfield code="0">(uri) https://portal.dnb.de/opac.htm?method=simpleSearch&amp;cqlMode=true&amp;query=idn=04170147X</subfield>
    <subfield code="0">(uri) http://viaf.org/viaf/sourceID/DNB|04170147X</subfield>
  </datafield>
  <datafield tag="689" ind1="0" ind2="1">
    <subfield code="A">f</subfield>
    <subfield code="a">Zeitschrift</subfield>
  </datafield>
  <datafield tag="689" ind1="0" ind2=" ">
    <subfield code="5">DE-600</subfield>
    <subfield code="5">DE-600</subfield>
  </datafield>
  <datafield tag="689" ind1="1" ind2="0">
    <subfield code="0">(DE-588)2010043-7</subfield>
    <subfield code="0">https://d-nb.info/gnd/2010043-7</subfield>
    <subfield code="0">(DE-101)004696093</subfield>
    <subfield code="D">b</subfield>
    <subfield code="a">Evangelisch-Lutherische Landeskirche Sachsens</subfield>
    <subfield code="0">(uri) https://portal.dnb.de/opac.htm?method=simpleSearch&amp;cqlMode=true&amp;query=idn=004696093</subfield>
    <subfield code="0">(uri) http://viaf.org/viaf/sourceID/DNB|004696093</subfield>
    <subfield code="B">GND-004696093</subfield>
  </datafield>
  <datafield tag="689" ind1="1" ind2="1">
    <subfield code="0">(DE-588)4170147-1</subfield>
    <subfield code="0">https://d-nb.info/gnd/4170147-1</subfield>
    <subfield code="0">(DE-101)04170147X</subfield>
    <subfield code="D">s</subfield>
    <subfield code="a">Missionsgesellschaft</subfield>
    <subfield code="0">(uri) https://portal.dnb.de/opac.htm?method=simpleSearch&amp;cqlMode=true&amp;query=idn=04170147X</subfield>
    <subfield code="0">(uri) http://viaf.org/viaf/sourceID/DNB|04170147X</subfield>
  </datafield>
  <datafield tag="689" ind1="1" ind2="2">
    <subfield code="A">f</subfield>
    <subfield code="a">Zeitschrift</subfield>
  </datafield>
  <datafield tag="689" ind1="1" ind2=" ">
    <subfield code="5">DE-600</subfield>
    <subfield code="5">DE-600</subfield>
  </datafield>
  <datafield tag="710" ind1="2" ind2=" ">
    <subfield code="0">(DE-588)5500538-X</subfield>
    <subfield code="0">https://d-nb.info/gnd/5500538-X</subfield>
    <subfield code="0">(DE-101)960330615</subfield>
    <subfield code="a">Evangelisch-Lutherisches Missionswerk Leipzig</subfield>
    <subfield code="e">Herausgebendes Organ</subfield>
    <subfield code="4">isb</subfield>
    <subfield code="2">gnd</subfield>
    <subfield code="0">(uri) https://portal.dnb.de/opac.htm?method=simpleSearch&amp;cqlMode=true&amp;query=idn=960330615</subfield>
    <subfield code="0">(uri) http://viaf.org/viaf/sourceID/DNB|960330615</subfield>
    <subfield code="B">GND-960330615</subfield>
  </datafield>
  <datafield tag="850" ind1=" " ind2=" ">
    <subfield code="a">DE-101a</subfield>
  </datafield>
  <datafield tag="906" ind1=" " ind2=" ">
    <subfield code="a">JOURNAL</subfield>
  </datafield>
  <datafield tag="MBD" ind1=" " ind2=" ">
    <subfield code="M">49HBZ_NETWORK</subfield>
    <subfield code="i">99370682219806441</subfield>
    <subfield code="n">HBZ Network</subfield>
  </datafield>
  <datafield tag="MBD" ind1=" " ind2=" ">
    <subfield code="M">49HBZ_UDE</subfield>
    <subfield code="i">99206357887606446</subfield>
    <subfield code="n">UB Duisburg-Essen</subfield>
  </datafield>
  <datafield tag="MBD" ind1=" " ind2=" ">
    <subfield code="M">49HBZ_DUE</subfield>
    <subfield code="i">9947420472406443</subfield>
    <subfield code="n">ULB Düsseldorf</subfield>
  </datafield>
  <datafield tag="MNG" ind1=" " ind2=" ">
    <subfield code="c">Ex Libris</subfield>
    <subfield code="f">CKB</subfield>
    <subfield code="i">marc21</subfield>
    <subfield code="e">false</subfield>
    <subfield code="d">2021-04-19 19:54:29 Europe/Berlin</subfield>
    <subfield code="g">995280000000199164</subfield>
    <subfield code="a">CKB</subfield>
    <subfield code="b">2021-04-19 19:54:29 Europe/Berlin</subfield>
  </datafield>
  <datafield tag="POR" ind1=" " ind2=" ">
    <subfield code="j">Ezb</subfield>
    <subfield code="x">System</subfield>
    <subfield code="a">53439629560006446</subfield>
    <subfield code="M">49HBZ_UDE</subfield>
    <subfield code="p">61436539580006446</subfield>
    <subfield code="q">Frei zugängliche Zeitschriften aus der EZB</subfield>
    <subfield code="c">param</subfield>
    <subfield code="o">615280000000001088</subfield>
    <subfield code="y">2021-04-16 15:47:20 Europe/Berlin</subfield>
    <subfield code="w">2021-04-16 15:47:13 Europe/Berlin</subfield>
    <subfield code="D">https://eu04.alma.exlibrisgroup.com/view/uresolver/49HBZ_NETWORK/openurl?u.ignore_date_coverage=true&amp;portfolio_pid=53439629560006446&amp;Force_direct=true</subfield>
    <subfield code="v">NON_SFX_CREATOR</subfield>
    <subfield code="z">2021-04-16 13:47:13</subfield>
    <subfield code="n"> Available from 2006 issue: 1.</subfield>
    <subfield code="i">false</subfield>
    <subfield code="S">62436539570006446</subfield>
    <subfield code="d">https://hbz-network.userservices.exlibrisgroup.com/view/uresolver/49HBZ_NETWORK/openurl?u.ignore_date_coverage=true&amp;rft.mms_id=99206357887606446</subfield>
    <subfield code="b">Available</subfield>
    <subfield code="f">JOURNAL</subfield>
    <subfield code="8">53439629560006446</subfield>
  </datafield>
  <datafield tag="POC" ind1=" " ind2=" ">
    <subfield code="a">53439629560006446</subfield>
    <subfield code="b">2006</subfield>
    <subfield code="d">1</subfield>
    <subfield code="f">1</subfield>
    <subfield code="j">1</subfield>
  </datafield>
  <datafield tag="POR" ind1=" " ind2=" ">
    <subfield code="j">Ezb</subfield>
    <subfield code="x">System</subfield>
    <subfield code="a">53340259330006443</subfield>
    <subfield code="M">49HBZ_DUE</subfield>
    <subfield code="p">61337753020006443</subfield>
    <subfield code="q">EZB-FREE-00999 freely available EZB journals</subfield>
    <subfield code="c">param</subfield>
    <subfield code="o">615280000000001088</subfield>
    <subfield code="y">2021-05-17 16:28:19 Europe/Berlin</subfield>
    <subfield code="w">2021-05-17 16:28:19 Europe/Berlin</subfield>
    <subfield code="D">https://eu04.alma.exlibrisgroup.com/view/uresolver/49HBZ_NETWORK/openurl?u.ignore_date_coverage=true&amp;portfolio_pid=53340259330006443&amp;Force_direct=true</subfield>
    <subfield code="v">System</subfield>
    <subfield code="z">2021-05-17 14:28:19</subfield>
    <subfield code="n"> Available from 2006 issue: 1.</subfield>
    <subfield code="i">false</subfield>
    <subfield code="S">62337753010006443</subfield>
    <subfield code="d">https://hbz-network.userservices.exlibrisgroup.com/view/uresolver/49HBZ_NETWORK/openurl?u.ignore_date_coverage=true&amp;rft.mms_id=9947420472406443</subfield>
    <subfield code="b">Available</subfield>
    <subfield code="f">JOURNAL</subfield>
    <subfield code="8">53340259330006443</subfield>
  </datafield>
  <datafield tag="POC" ind1=" " ind2=" ">
    <subfield code="a">53340259330006443</subfield>
    <subfield code="b">2006</subfield>
    <subfield code="d">1</subfield>
    <subfield code="f">1</subfield>
    <subfield code="j">1</subfield>
  </datafield>
  <datafield tag="GKT" ind1="2" ind2=" ">
    <subfield code="a">Ev.-Luth. Landeskirche Sachsens</subfield>
    <subfield code="A">GND</subfield>
    <subfield code="B">GND-004696093</subfield>
    <subfield code="C">410</subfield>
  </datafield>
  <datafield tag="GKT" ind1="2" ind2=" ">
    <subfield code="a">Evang.-Luth. Landeskirche Sachsens</subfield>
    <subfield code="A">GND</subfield>
    <subfield code="B">GND-004696093</subfield>
    <subfield code="C">410</subfield>
  </datafield>
  <datafield tag="GKT" ind1="2" ind2=" ">
    <subfield code="a">EVLKS</subfield>
    <subfield code="4">abku</subfield>
    <subfield code="4">http://d-nb.info/standards/elementset/gnd#abbreviatedNameForTheCorporateBody</subfield>
    <subfield code="w">r</subfield>
    <subfield code="i">Abkuerzung</subfield>
    <subfield code="e">Abkuerzung</subfield>
    <subfield code="A">GND</subfield>
    <subfield code="B">GND-004696093</subfield>
    <subfield code="C">410</subfield>
  </datafield>
  <datafield tag="GSI" ind1="7" ind2=" ">
    <subfield code="a">http://d-nb.info/gnd/2010043-7</subfield>
    <subfield code="2">uri</subfield>
    <subfield code="A">GND</subfield>
    <subfield code="B">GND-004696093</subfield>
    <subfield code="C">024</subfield>
  </datafield>
  <datafield tag="GKT" ind1="2" ind2=" ">
    <subfield code="a">Evangelisch-Lutherisches Missionswerk</subfield>
    <subfield code="4">nswd</subfield>
    <subfield code="4">http://d-nb.info/standards/elementset/gnd#variantName</subfield>
    <subfield code="w">r</subfield>
    <subfield code="i">Ehemalige Vorzugsbenennung SWD</subfield>
    <subfield code="e">Ehemalige Vorzugsbenennung SWD</subfield>
    <subfield code="A">GND</subfield>
    <subfield code="B">GND-960330615</subfield>
    <subfield code="C">410</subfield>
  </datafield>
  <datafield tag="GKT" ind1="2" ind2=" ">
    <subfield code="a">Leipziger Missionswerk</subfield>
    <subfield code="A">GND</subfield>
    <subfield code="B">GND-960330615</subfield>
    <subfield code="C">410</subfield>
  </datafield>
  <datafield tag="GKT" ind1="2" ind2=" ">
    <subfield code="a">Evangelisch–Lutherisches Missionswerk Leipzig e.V.</subfield>
    <subfield code="4">nauv</subfield>
    <subfield code="4">http://d-nb.info/standards/elementset/gnd#variantName</subfield>
    <subfield code="w">r</subfield>
    <subfield code="i">Unveraenderte Form</subfield>
    <subfield code="e">Unveraenderte Form</subfield>
    <subfield code="A">GND</subfield>
    <subfield code="B">GND-960330615</subfield>
    <subfield code="C">410</subfield>
  </datafield>
  <datafield tag="GSI" ind1="7" ind2=" ">
    <subfield code="a">http://d-nb.info/gnd/5500538-X</subfield>
    <subfield code="2">uri</subfield>
    <subfield code="A">GND</subfield>
    <subfield code="B">GND-960330615</subfield>
    <subfield code="C">024</subfield>
  </datafield>
  <datafield tag="GKT" ind1="2" ind2=" ">
    <subfield code="a">Ev.-Luth. Landeskirche Sachsens</subfield>
    <subfield code="A">GND</subfield>
    <subfield code="B">GND-004696093</subfield>
    <subfield code="C">410</subfield>
  </datafield>
  <datafield tag="GKT" ind1="2" ind2=" ">
    <subfield code="a">Evang.-Luth. Landeskirche Sachsens</subfield>
    <subfield code="A">GND</subfield>
    <subfield code="B">GND-004696093</subfield>
    <subfield code="C">410</subfield>
  </datafield>
  <datafield tag="GKT" ind1="2" ind2=" ">
    <subfield code="a">EVLKS</subfield>
    <subfield code="4">abku</subfield>
    <subfield code="4">http://d-nb.info/standards/elementset/gnd#abbreviatedNameForTheCorporateBody</subfield>
    <subfield code="w">r</subfield>
    <subfield code="i">Abkuerzung</subfield>
    <subfield code="e">Abkuerzung</subfield>
    <subfield code="A">GND</subfield>
    <subfield code="B">GND-004696093</subfield>
    <subfield code="C">410</subfield>
  </datafield>
  <datafield tag="GSI" ind1="7" ind2=" ">
    <subfield code="a">http://d-nb.info/gnd/2010043-7</subfield>
    <subfield code="2">uri</subfield>
    <subfield code="A">GND</subfield>
    <subfield code="B">GND-004696093</subfield>
    <subfield code="C">024</subfield>
  </datafield>
  <datafield tag="GST" ind1=" " ind2=" ">
    <subfield code="a">Missionswerk</subfield>
    <subfield code="A">GND</subfield>
    <subfield code="B">GND-04170147X</subfield>
    <subfield code="C">450</subfield>
  </datafield>
  <datafield tag="GST" ind1=" " ind2=" ">
    <subfield code="a">Missionsverein</subfield>
    <subfield code="A">GND</subfield>
    <subfield code="B">GND-04170147X</subfield>
    <subfield code="C">450</subfield>
  </datafield>
  <datafield tag="GSI" ind1="7" ind2=" ">
    <subfield code="a">http://d-nb.info/gnd/4170147-1</subfield>
    <subfield code="2">uri</subfield>
    <subfield code="A">GND</subfield>
    <subfield code="B">GND-04170147X</subfield>
    <subfield code="C">024</subfield>
  </datafield>
  <datafield tag="GST" ind1=" " ind2=" ">
    <subfield code="a">Missionswerk</subfield>
    <subfield code="A">GND</subfield>
    <subfield code="B">GND-04170147X</subfield>
    <subfield code="C">450</subfield>
  </datafield>
  <datafield tag="GST" ind1=" " ind2=" ">
    <subfield code="a">Missionsverein</subfield>
    <subfield code="A">GND</subfield>
    <subfield code="B">GND-04170147X</subfield>
    <subfield code="C">450</subfield>
  </datafield>
  <datafield tag="GSI" ind1="7" ind2=" ">
    <subfield code="a">http://d-nb.info/gnd/4170147-1</subfield>
    <subfield code="2">uri</subfield>
    <subfield code="A">GND</subfield>
    <subfield code="B">GND-04170147X</subfield>
    <subfield code="C">024</subfield>
  </datafield>
  <datafield tag="GST" ind1=" " ind2=" ">
    <subfield code="a">Missionswerk</subfield>
    <subfield code="A">GND</subfield>
    <subfield code="B">GND-04170147X</subfield>
    <subfield code="C">450</subfield>
  </datafield>
  <datafield tag="GST" ind1=" " ind2=" ">
    <subfield code="a">Missionsverein</subfield>
    <subfield code="A">GND</subfield>
    <subfield code="B">GND-04170147X</subfield>
    <subfield code="C">450</subfield>
  </datafield>
  <datafield tag="GSI" ind1="7" ind2=" ">
    <subfield code="a">http://d-nb.info/gnd/4170147-1</subfield>
    <subfield code="2">uri</subfield>
    <subfield code="A">GND</subfield>
    <subfield code="B">GND-04170147X</subfield>
    <subfield code="C">024</subfield>
  </datafield>
  <datafield tag="GST" ind1=" " ind2=" ">
    <subfield code="a">Missionswerk</subfield>
    <subfield code="A">GND</subfield>
    <subfield code="B">GND-04170147X</subfield>
    <subfield code="C">450</subfield>
  </datafield>
  <datafield tag="GST" ind1=" " ind2=" ">
    <subfield code="a">Missionsverein</subfield>
    <subfield code="A">GND</subfield>
    <subfield code="B">GND-04170147X</subfield>
    <subfield code="C">450</subfield>
  </datafield>
  <datafield tag="GSI" ind1="7" ind2=" ">
    <subfield code="a">http://d-nb.info/gnd/4170147-1</subfield>
    <subfield code="2">uri</subfield>
    <subfield code="A">GND</subfield>
    <subfield code="B">GND-04170147X</subfield>
    <subfield code="C">024</subfield>
  </datafield>
</record>
